<?xml version="1.0" encoding="UTF-8"?><record xmlns="http://www.loc.gov/MARC21/slim" xmlns:cinclude="http://apache.org/cocoon/include/1.0" xmlns:zs="http://www.loc.gov/zing/srw/">
  <leader>00553cz  a2200157n  4500</leader>
  <controlfield tag="001">n  91023554 </controlfield>
  <controlfield tag="003">DLC</controlfield>
  <controlfield tag="005">20000715064924.0</controlfield>
  <controlfield tag="008">910307n| acannaabn          |a aaa      </controlfield>
  <datafield tag="010" ind1=" " ind2=" ">
    <subfield code="a">n  91023554 </subfield>
  </datafield>
  <datafield tag="035" ind1=" " ind2=" ">
    <subfield code="a">(OCoLC)oca02910356</subfield>
  </datafield>
  <datafield tag="040" ind1=" " ind2=" ">
    <subfield code="a">DLC</subfield>
    <subfield code="b">eng</subfield>
    <subfield code="c">DLC</subfield>
    <subfield code="d">OCoLC</subfield>
  </datafield>
  <datafield tag="100" ind1="1" ind2=" ">
    <subfield code="a">Fulanović-Šošić, Miroslava</subfield>
  </datafield>
  <datafield tag="400" ind1="1" ind2=" ">
    <subfield code="a">Šošić, Miroslava Fulanović-</subfield>
  </datafield>
  <datafield tag="670" ind1=" " ind2=" ">
    <subfield code="a">Zbornik radova u čast akademika Cvjetka  Rihtmana, 1986:</subfield>
    <subfield code="b">t.p. (Miroslava Fulanović-Šošić)</subfield>
  </datafield>
  <datafield tag="670" ind1=" " ind2=" ">
    <subfield code="a">LC data base, 03-07-91</subfield>
    <subfield code="b">(hdg.: Fulanović-Šošić, Miroslava)</subfield>
  </datafield>
</record>